@article{BonifasDiSummaEisenbrandHahnleNiemeier2014,
   author = {Bonifas, Nicolas  and Di Summa, Marco  and  Eisenbrand, Friedrich and H\"{a}hnle, Nicolai and Niemeier, Martin},
    title = {On sub-determinants and the diameter of polyhedra},
    journal = {Discrete and Computational Geometry},
    year = {2014},
    volume = {52},
    pages = {102--115}
}
@ARTICLE{BorgwardtDeLoeraFinhold2016,
   author = {{Borgwardt}, Steffen and  {De Loera}, Jes{\'u}s  and  {Finhold}, Elisabeth},
    title = {The diameters of transportation polytopes satisfy the {H}irsch conjecture},
    journal = {Mathematical Programming},
     year = {{\em to appear}},
}
@article{DelPiaMichini2016,
   author = {{Del Pia}, Alberto and {Michini}, Carla}, 
     title = {On the diameter of lattice polytopes},
    journal = {Discrete and Computational Geometry},
    year = {2016},
    volume = {55},
    pages = {681--687},
}
@article{DezaManoussakisOnn2018,
  title={Primitive zonotopes},
  author={Deza, Antoine and Manoussakis, George and Onn, Shmuel},
  journal = {Discrete and Computational Geometry ({\em to appear})}
}
@article{DezaPournin2018,
    author = {Antoine Deza and Lionel Pournin},
    title = {Improved bounds on the diameter of lattice polytopes},
    journal = {Acta Mathematica Hungarica},
     year = {{\em to appear}}
}
@article{GrandeRue2015,
    title={Many $2$-Level Polytopes from Matroids},
    author={Francesco Grande and Juanjo Ru{\'e}},
    journal = {Discrete \& Computational Geometry},
    volume = {54},
    issue = {4},
    pages = {954--979},
    year = {2015},
}
@article{KalaiKleitman1992,
  title={A quasi-polynomial bound for the diameter of graphs of polyhedra},
  author={Kalai, Gil and Kleitman, Daniel},
    journal = {Bulletin of the American Mathematical Society},
    year = {1992},
    volume = {26},
    pages = {315--316},
}
@article{KleeWalkup1967,
  title={The $d$-step conjecture for polyhedra of dimension $d<6$},
  author={Klee, Victor Klee and Walkup, David},
  journal={Acta Mathematica},
    year = {1967},
    volume = {117},
    pages = {53--78},
}
@article{KleinschmidtOnn1992,
  title={On the diameter of convex polytopes},
  author={Kleinschmidt, Peter and Onn, Shmuel},
  journal={Discrete Mathematics},
    year = {1992},
    volume = {102},
    pages = {75--77},
}
@book{LevinPeresWilmer2009,
  title={Markov chains and mixing times},
  author={Levin, David Asher and Peres, Yuval and Wilmer, Elizabeth Lee},
  year={2009},
  publisher={American Mathematical Society}
}
@article{Naddef1989,
   author = {Dennis Naddef},
    title = {The {H}irsch conjecture is true for $(0,1)$-polytopes},
    journal={Mathematical Programming},
    year={1989},
    volume={45},
    pages={109-110},
}
@article{Santos2012,
  author={Santos, Francisco},
   title = {A counterexample to the {H}irsch conjecture},
   journal = {Annals of Mathematics},
   volume = {176},
   year = {2012},
   pages = {383--412}
}
@book{Ziegler1995,
    title={Lectures on polytopes},
    author={Ziegler, G{\"u}nter M},
    series = {Graduate Texts in Mathematics},
    volume = {152},
    year = {1995},
    publisher = {Springer}
}
