@book{levin2009markov,
  title={Markov chains and mixing times},
  author={Levin, David Asher and Peres, Yuval and Wilmer, Elizabeth Lee},
  year={2009},
  publisher={American Mathematical Soc.}
}
@book{ziegler1995lectures,
    title={Lectures on polytopes},
    author={Ziegler, G{\"u}nter M},
    volume={152},
    year={1995},
    publisher={Springer Science \& Business Media}
}
